<collection xmlns="http://www.loc.gov/MARC21/slim">
<record>
  <leader>01696nam0a22002651i 450 </leader>
  <controlfield tag="001">IT\ICCU\CNCE\074232</controlfield>
  <controlfield tag="005">20090617000000.0</controlfield>
  <datafield tag="100" ind1=" " ind2=" ">
    <subfield code="a">20090616d1536        0itac0103    ba</subfield>
  </datafield>
  <datafield tag="101" ind1=" " ind2=" ">
    <subfield code="a">LAT</subfield>
  </datafield>
  <datafield tag="102" ind1=" " ind2=" ">
    <subfield code="a">IT</subfield>
  </datafield>
  <datafield tag="200" ind1="1" ind2=" ">
    <subfield code="a">℗Dinus De regu. iur ℗Commentarius mirabilis super titulo de regulis iuris insignis iuris vtriusque doctoris domini Dyni Muxellani qui post Accursium Bononiae emicuit, et Decretalium librum VI iubente Bonifacio VIII composuit; nouissime post alias omnes impressiones et auctus, et recognitus. Vbi praeter domini Nicolai Boerij, et Celsi Hugonis Cabilonen. additiones; multa denuo per doctorem anonymum sunt addita, et omnia cum repertorio castigatissimo ad vnguem emendata</subfield>
  </datafield>
  <datafield tag="210" ind1=" " ind2=" ">
    <subfield code="a">\Venezia</subfield>
    <subfield code="c">Ottaviano Scoto il giovane!</subfield>
    <subfield code="d">1536</subfield>
    <subfield code="e">Venetijs</subfield>
    <subfield code="g">apud Octauianum Scotum</subfield>
  </datafield>
  <datafield tag="215" ind1=" " ind2=" ">
    <subfield code="a">134, \18! c.</subfield>
    <subfield code="d">8\</subfield>
  </datafield>
  <datafield tag="300" ind1=" " ind2=" ">
    <subfield code="a">ANNULLATA  !!!!  vedi 17198Rif.: Edit 16 \risorsa elettronica!. -  Marche (U228, U229) sul front. e in fine. -  Segn.: A-T8</subfield>
  </datafield>
  <datafield tag="620" ind1=" " ind2=" ">
    <subfield code="a">IT</subfield>
    <subfield code="d">Venezia</subfield>
  </datafield>
  <datafield tag="700" ind1=" " ind2="0">
    <subfield code="a">Dino</subfield>
    <subfield code="c"> : del#Mugello</subfield>
    <subfield code="3">IT\ICCU\CNCA\004842</subfield>
  </datafield>
  <datafield tag="712" ind1="0" ind2="0">
    <subfield code="a">Scoto, Ottaviano</subfield>
    <subfield code="c"> &lt;2.&gt;</subfield>
    <subfield code="3">IT\ICCU\CNCT\000258</subfield>
    <subfield code="4">650</subfield>
  </datafield>
  <datafield tag="790" ind1=" " ind2="1">
    <subfield code="a">Rossoni,</subfield>
    <subfield code="b">Dino</subfield>
    <subfield code="3">IT\ICCU\CNCA\004843</subfield>
    <subfield code="z">Dino : del#Mugello</subfield>
  </datafield>
  <datafield tag="790" ind1=" " ind2="0">
    <subfield code="a">Dynus</subfield>
    <subfield code="c"> &lt;giurista&gt;</subfield>
    <subfield code="3">IT\ICCU\CNCA\016710</subfield>
    <subfield code="z">Dino : del#Mugello</subfield>
  </datafield>
  <datafield tag="790" ind1=" " ind2="0">
    <subfield code="a">Dinus</subfield>
    <subfield code="c"> : Muxellanus</subfield>
    <subfield code="3">IT\ICCU\CNCA\022306</subfield>
    <subfield code="z">Dino : del#Mugello</subfield>
  </datafield>
  <datafield tag="791" ind1="0" ind2="0">
    <subfield code="a">Scoto, Ottaviano Amadei</subfield>
    <subfield code="3">IT\ICCU\CNCT\002829</subfield>
    <subfield code="z">Scoto, Ottaviano &lt;2.&gt;</subfield>
  </datafield>
  <datafield tag="791" ind1="0" ind2="0">
    <subfield code="a">Scotus, Octavianus Amadei</subfield>
    <subfield code="3">IT\ICCU\CNCT\005638</subfield>
    <subfield code="z">Scoto, Ottaviano &lt;2.&gt;</subfield>
  </datafield>
  <datafield tag="791" ind1="0" ind2="0">
    <subfield code="a">Scotti, Ottaviano</subfield>
    <subfield code="c"> &lt;2.&gt;</subfield>
    <subfield code="3">IT\ICCU\CNCT\005639</subfield>
    <subfield code="z">Scoto, Ottaviano &lt;2.&gt;</subfield>
  </datafield>
  <datafield tag="801" ind1=" " ind2="3">
    <subfield code="a">IT</subfield>
    <subfield code="b">ICCU</subfield>
    <subfield code="c">20201115</subfield>
  </datafield>
  <datafield tag="899" ind1=" " ind2=" ">
    <subfield code="a">Biblioteca provinciale dei frati minori cappuccini. Bologna</subfield>
    <subfield code="1">BO0342</subfield>
    <subfield code="2">PBE 94</subfield>
  </datafield>
</record>
</collection>
